<record><leader>00000cas a22000007a 4500</leader><controlfield tag="001">12004804</controlfield><controlfield tag="008">850507d19261950utuwr ne      0    0eng d</controlfield><datafield ind1=" " ind2=" " tag="010"><subfield code="a">sn 85058133 </subfield></datafield><datafield ind1=" " ind2=" " tag="040"><subfield code="a">UNP</subfield><subfield code="b">eng</subfield><subfield code="c">UNP</subfield><subfield code="d">UBY</subfield><subfield code="d">OCLCQ</subfield><subfield code="d">OCLCF</subfield><subfield code="d">OCLCO</subfield></datafield><datafield ind1=" " ind2=" " tag="042"><subfield code="a">msc</subfield></datafield><datafield ind1=" " ind2=" " tag="043"><subfield code="a">n-us-ut</subfield></datafield><datafield ind1="0" ind2=" " tag="130"><subfield code="a">South Cache courier (Hyrum, Utah : 1926)</subfield></datafield><datafield ind1="1" ind2="0" tag="245"><subfield code="a">South Cache courier.</subfield></datafield><datafield ind1=" " ind2=" " tag="260"><subfield code="a">Hyrum, Utah :</subfield><subfield code="b">J.A. Wahlen,</subfield><subfield code="c">1926-</subfield></datafield><datafield ind1=" " ind2=" " tag="300"><subfield code="a">v. :</subfield><subfield code="b">ill. ;</subfield><subfield code="c">56 cm.</subfield></datafield><datafield ind1=" " ind2=" " tag="310"><subfield code="a">Weekly</subfield></datafield><datafield ind1="0" ind2=" " tag="362"><subfield code="a">Vol. 1, no. 1 (Oct. 22, 1926)-</subfield></datafield><datafield ind1="1" ind2=" " tag="362"><subfield code="a">Ceased in 1950?</subfield><subfield code="z">Cf. NIM, 1948-72.</subfield></datafield><datafield ind1=" " ind2="0" tag="651"><subfield code="a">Hyrum (Utah)</subfield><subfield code="v">Newspapers.</subfield></datafield><datafield ind1=" " ind2="0" tag="651"><subfield code="a">Cache County (Utah)</subfield><subfield code="v">Newspapers.</subfield></datafield><datafield ind1=" " ind2="7" tag="655"><subfield code="a">Newspapers.</subfield><subfield code="2">fast</subfield><subfield code="0">(OCoLC)fst01423814</subfield></datafield><datafield ind1=" " ind2="7" tag="651"><subfield code="a">Utah</subfield><subfield code="z">Cache County.</subfield><subfield code="2">fast</subfield><subfield code="0">(OCoLC)fst01218492</subfield></datafield><datafield ind1=" " ind2="7" tag="651"><subfield code="a">Utah</subfield><subfield code="z">Hyrum.</subfield><subfield code="2">fast</subfield><subfield code="0">(OCoLC)fst01231103</subfield></datafield><datafield ind1=" " ind2=" " tag="752"><subfield code="a">United States</subfield><subfield code="b">Utah</subfield><subfield code="c">Cache</subfield><subfield code="d">Hyrum.</subfield></datafield><datafield ind1="0" ind2="0" tag="780"><subfield code="t">South Cache citizen</subfield><subfield code="w">(DLC)sn 85058132</subfield><subfield code="w">(OCoLC)12004789</subfield></datafield></record>